@online { pa-unique
        , title = {Uniqueness of the decimal representation of real numbers.}
        , author = {Peter Alfeld}
        , date = {1996-08-16}
        , url = {http://www.math.utah.edu/~pa/math/sets/unique.html}
        , urldate = {2016-06-03}
        }
