@online { pa-unique
        , title = {Uniqueness of the decimal representation of real numbers.}
        , author = {Peter Alfeld}
        , date = {1996-08-16}
        , url = {http://www.math.utah.edu/~pa/math/sets/unique.html}
        , urldate = {2016-06-03}
        }

@online { goller-discrete
        , title = {Discrete Mathematics}
        , author = {Thomas Goller}
        , date = {2013-07}
        , url = {http://www.math.utah.edu/~goller/F13_M3210/DiscreteMath.pdf}
        , urldate={2016-06-04}
        }

@online { free-sw
        , title = {What is free software?}
        , organization = {GNU Project}
        , date = {2015-09-01}
        , url = {https://www.gnu.org/philosophy/free-sw.html}
        , urldate = {2016-06-20}
        }